
@article{understanding.MH,
  title={Understanding the {M}etropolis-{H}astings algorithm},
  author={Chib, Siddhartha and Greenberg, Edward},
  journal={The American Statistician},
  volume={49},
  number={4},
  pages={327--335},
  year={1995},
  publisher={Taylor \& Francis Group}
} -----------------------------------------------------------------

@book{ross.simulation,
 author = {Ross, Sheldon M.},
 title = {Simulation, Fourth Edition},
 year = {2006},
 isbn = {0125980639},
 publisher = {Academic Press, Inc.},
 address = {Orlando, FL, USA},
} -----------------------------------------------------------------

@techreport{strid2010adaptive,
  title={Adaptive hybrid {M}etropolis-{H}astings samplers for {DSGE} models},
  author={Strid, Ingvar and Giordani, Paolo and Kohn, Robert},
  year={2010},
  institution={SSE/EFI Working Paper Series in Economics and Finance}
} -----------------------------------------------------------------

@article{solonen2012efficient,
  title={Efficient {MCMC} for Climate Model Parameter Estimation: Parallel
Adaptive Chains and Early Rejection},
  author={Solonen, Antti and Ollinaho, Pirkka and Laine, Marko and Haario,
Heikki and Tamminen, Johanna and J{\"a}rvinen, Heikki},
  journal={Bayesian Analysis},
  volume={7},
  number={3},
  pages={715--736},
  year={2012},
  publisher={International Society for Bayesian Analysis}
} -----------------------------------------------------------------

@article{wu2012parallel,
  title={Parallel {M}arkov chain {M}onte {C}arlo-bridging the gap to
high-performance {B}ayesian computation in animal breeding and genetics},
  author={Wu, Xiao-Lin and Sun, Chuanyu and Beissinger, Timothy M and Rosa,
Guilherme JM and Weigel, Kent A and de Leon Gatti, Natalia and Gianola,
Daniel},
  journal={Genetics Selection Evolution},
  volume={44},
  number={1},
  pages={29},
  year={2012},
  publisher={BioMed Central Ltd}
} -----------------------------------------------------------------

@inproceedings{byrd2008reducing,
  title={Reducing the run-time of {MCMC} programs by multithreading on {SMP}
architectures},
  author={Byrd, Jonathan MR and Jarvis, Stephen A and Bhalerao, Abhir H},
  booktitle={Parallel and Distributed Processing, 2008. IPDPS 2008. IEEE
International Symposium on},
  pages={1--8},
  year={2008},
  organization={IEEE}
} -----------------------------------------------------------------

@article{miller2010markov,
  title={{M}arkov {C}hain {M}onte {C}arlo calculations allowing parallel
processing using a variant of the metropolis algorithm},
  author={Miller, Guthrie},
  journal={Open Numer Methods J},
  volume={2},
  pages={12--7},
  year={2010}
} -----------------------------------------------------------------

@article{vanderwerken2013parallel,
  title={Parallel {M}arkov {C}hain {M}onte {C}arlo},
  author={VanDerwerken, Douglas N and Schmidler, Scott C},
  journal={arXiv preprint arXiv:1312.7479},
  year={2013}
} -----------------------------------------------------------------

@article{guo2012parallel,
  title={Parallel statistical computing for statistical inference},
  author={Guo, Guangbao},
  journal={Journal of Statistical Theory and Practice},
  volume={6},
  number={3},
  pages={536--565},
  year={2012},
  publisher={Taylor \& Francis}
} -----------------------------------------------------------------

@article{strid2010efficient,
  title={Efficient parallelisation of {M}etropolis--{H}astings algorithms using
a prefetching approach},
  author={Strid, Ingvar},
  journal={Computational Statistics \& Data Analysis},
  volume={54},
  number={11},
  pages={2814--2835},
  year={2010},
  publisher={Elsevier}
} -----------------------------------------------------------------


